@book{bunken01,
author = "長谷川弘忠 and 山崎文雄 and 松岡昌志",
title = "空撮ハイビジョン映像を用いた兵庫県南部地震による建物被害の目視判断",
publisher = "土木学会誌論文集 No.682, I-56",
pages={257--265},
month=7,
year = 2001,
}

@book{bunken02,
author = "遠藤史也",
title = "エッジ特徴量を用いた地震後上空画像による建物被害状況解析",
publisher = "卒業論文",
year = 2018,
}

@book{bunken03,
author = "中山駿",
title = "空撮画像を用いた土砂検出",
publisher = "卒業論文",
year = 2020,
}

@book{bunken04,
author = "Robert J. McGaughey",
title = "FUSION/LDV: Software for LIDAR Data Analysis and Visualization",
publisher = "United States Department of Agriculture",
month=6,
year = 2021,
}

@Misc{bunken05,
author = "静岡県",
title = "静岡県　富士山南東部・伊豆全域　点群データ",
howpublished = "\url{https://www.geospatial.jp/ckan/dataset/shizuoka-19-20-pointcloud}", 
}

@Misc{bunken06,
author = "株式会社パスコ",
title = "2021年7月6日静岡県熱海市土石流災害航空レーザー計測データ",
howpublished = "\url{https://www.geospatial.jp/ckan/dataset/2021-7-6}", 
}

@Misc{bunken07,
author = "国土地理院",
title = "基盤地図情報ダウンロードサービス",
howpublished = "\url{https://fgd.gsi.go.jp/download/menu.php}", 
}